@article{kahraman2012,
  title         = {The development of intuitive knowledge classifier and the 
  modeling of Domain Dependent Data},
  author        = {Kahraman, H. T., Sagiroglu, S., & Colak, I.},
  organization  = {Gazi University},
  address       = {Ankara, Turkey},
  year          = {2012},
  url           = {https://www.sciencedirect.com/science/article/abs/pii/S0950705112002225?via%3Dihub}
}

@data{kahraman2013,
  title         = {User knowledge modeling data set},
  author        = {Kahraman, H. T., Sagiroglu, S., & Colak, I.},
  organization  = {UCI Machine Learning Repository},
  address       = {Ankara, Turkey},
  year          = {2013},
  url           = {https://archive.ics.uci.edu/ml/datasets/User+Knowledge+Modeling#}
}

@textbook{timbers2022,
  title         = {DSCI100 Textbook},
  author        = {Timbers, T., Campbell, T., & Lee, M.},
  organization  = {The University of British Columbia},
  address       = {Vancouver, Canada},
  year          = {2022},
  url           = {https://datasciencebook.ca/classification2.html}
}

@project{anthony2022,
  title         = {DSCI100 classification project},
  author        = {Anthony, E., Prohaska, N & Ni, Y.},
  organization  = {The University of British Columbia},
  address       = {Vancouver, Canada},
  year          = {2022},
}