@Manual{intuitive,
    title         = {The development of intuitive knowledge classifier and the modeling of 
Domain Dependent Data},
    author        = {Kahraman, H. T., Sagiroglu, S., & Colak, I.},
    organization  = {Gazi University},
    address       = {Ankara, Turkey},
    year          = {2012},
    url           = {https://www.sciencedirect.com/science/article/abs/pii/S0950705112002225?via%3Dihub},
}

